<record><leader>00000cas a2200000 a 4500</leader><controlfield tag="001">26663711</controlfield><controlfield tag="008">920924d18941915iludn ne      0   a0eng c</controlfield><datafield ind1=" " ind2=" " tag="010"><subfield code="a">sn 92053368 </subfield></datafield><datafield ind1=" " ind2=" " tag="040"><subfield code="a">NVF</subfield><subfield code="b">eng</subfield><subfield code="c">NVF</subfield><subfield code="d">NVK</subfield><subfield code="d">OCLCQ</subfield><subfield code="d">CVF</subfield><subfield code="d">NVF</subfield><subfield code="d">OCLCQ</subfield><subfield code="d">OCLCF</subfield><subfield code="d">OCLCO</subfield><subfield code="d">NVF</subfield></datafield><datafield ind1=" " ind2=" " tag="042"><subfield code="a">pcc</subfield></datafield><datafield ind1=" " ind2=" " tag="043"><subfield code="a">n-us-il</subfield></datafield><datafield ind1="0" ind2="0" tag="245"><subfield code="a">Sterling evening gazette.</subfield></datafield><datafield ind1=" " ind2=" " tag="260"><subfield code="a">Sterling, Ill. :</subfield><subfield code="b">C., H.L., &amp; M.D. John,</subfield><subfield code="c">1894-1915.</subfield></datafield><datafield ind1=" " ind2=" " tag="300"><subfield code="a">volumes</subfield></datafield><datafield ind1=" " ind2=" " tag="310"><subfield code="a">Daily (except Sunday)</subfield></datafield><datafield ind1="0" ind2=" " tag="362"><subfield code="a">Vol. 13, no. 39 (Apr. 18, 1894)-v. 27, no. 307 (Feb. 28, 1907) ; v. 52, no. 1 (Mar. 1, 1907)-61st year, no. 72 (May 22, 1915).</subfield></datafield><datafield ind1=" " ind2=" " tag="530"><subfield code="a">Available on microfilm;</subfield><subfield code="b">Illinois State Historical Library.</subfield></datafield><datafield ind1=" " ind2=" " tag="530"><subfield code="a">Also available via the World Wide Web.</subfield></datafield><datafield ind1=" " ind2=" " tag="580"><subfield code="a">Weekly ed.: Sterling gazette (Sterling, Ill. : Weekly), 1894-&lt;1903&gt;</subfield></datafield><datafield ind1=" " ind2=" " tag="580"><subfield code="a">Semiweekly ed.: Sterling semi-weekly gazette, &lt;1905&gt;</subfield></datafield><datafield ind1=" " ind2="0" tag="651"><subfield code="a">Sterling (Ill.)</subfield><subfield code="v">Newspapers.</subfield></datafield><datafield ind1=" " ind2="0" tag="651"><subfield code="a">Whiteside County (Ill.)</subfield><subfield code="v">Newspapers.</subfield></datafield><datafield ind1=" " ind2="7" tag="651"><subfield code="a">Illinois</subfield><subfield code="z">Sterling.</subfield><subfield code="2">fast</subfield><subfield code="0">(OCoLC)fst01217941</subfield></datafield><datafield ind1=" " ind2="7" tag="651"><subfield code="a">Illinois</subfield><subfield code="z">Whiteside County.</subfield><subfield code="2">fast</subfield><subfield code="0">(OCoLC)fst01208395</subfield></datafield><datafield ind1=" " ind2="7" tag="655"><subfield code="a">Newspapers.</subfield><subfield code="2">fast</subfield><subfield code="0">(OCoLC)fst01423814</subfield></datafield><datafield ind1=" " ind2=" " tag="752"><subfield code="a">United States</subfield><subfield code="b">Illinois</subfield><subfield code="c">Whiteside County</subfield><subfield code="d">Sterling.</subfield></datafield><datafield ind1="1" ind2=" " tag="775"><subfield code="t">Sterling gazette (Sterling, Ill. : Weekly)</subfield><subfield code="w">(DLC)sn 84038649</subfield><subfield code="w">(OCoLC)11419018</subfield></datafield><datafield ind1="1" ind2=" " tag="775"><subfield code="t">Sterling semi-weekly gazette</subfield><subfield code="w">(DLC)sn 92053366</subfield><subfield code="w">(OCoLC)26663491</subfield></datafield><datafield ind1="0" ind2="8" tag="776"><subfield code="i">Online version:</subfield><subfield code="t">Sterling evening gazette</subfield><subfield code="w">(DLC)sn 92053368</subfield><subfield code="w">(OCoLC)849807932</subfield></datafield><datafield ind1="0" ind2="0" tag="780"><subfield code="t">Evening gazette (Sterling, Ill.)</subfield><subfield code="w">(DLC)sn 92053367</subfield><subfield code="w">(OCoLC)26663575</subfield></datafield><datafield ind1="0" ind2="0" tag="785"><subfield code="t">Sterling daily gazette (Sterling, Ill. : 1915)</subfield><subfield code="w">(DLC)sn 92053369</subfield><subfield code="w">(OCoLC)26663783</subfield></datafield><datafield ind1="1" ind2=" " tag="029"><subfield code="a">AU@</subfield><subfield code="b">000020743869</subfield></datafield></record>